@misc{discovery,
  title={Discovery kit with STM32F429ZI MCU},
  author={STMicroelectronics},
  howpublished={\url{https://www.st.com/resource/en/user_manual/um1670-discovery-kit-with-stm32f429zi-mcu-stmicroelectronics.pdf}}
}

@misc{things,
  title={ThingsBoard Architecture},
  author={ThingsBoard},
  year={2024},
  howpublished={\url{https://thingsboard.io/docs/reference/}}
}

